<?xml version="1.0" encoding="UTF-8" ?>
<record Numero="13911723" format="InterXMarc_Complet" type="Authority">
<leader>00549c1 au22000272  45  <Pos Code="0004">00549</Pos>
<Pos Code="05" Sens="notice modifiée">c</Pos>
<Pos Code="06" Sens="notice validée en catalogage courant">1</Pos>
<Pos Code="08" Sens="notice d&apos;autorité">a</Pos>
<Pos Code="09" Sens="titre uniforme musical (TUM)">u</Pos>
<Pos Code="10">2</Pos>
<Pos Code="11">2</Pos>
<Pos Code="1216">00027</Pos>
<Pos Code="17" Sens="autres cas">2</Pos>
<Pos Code="20">4</Pos>
<Pos Code="21">5</Pos>
</leader>
<controlfield tag="001">FRBNF139117232<Pos Code="0001">FR</Pos>
<Pos Code="0204">BNF</Pos>
<Pos Code="0512">13911723</Pos>
<Pos Code="13">2</Pos>
</controlfield>
<controlfield tag="008">890821071024yy    uu        1920                             1   <Pos Code="0001">89</Pos>
<Pos Code="0203">08</Pos>
<Pos Code="0405">21</Pos>
<Pos Code="0607">07</Pos>
<Pos Code="0809">10</Pos>
<Pos Code="1011">24</Pos>
<Pos Code="1213" Sens="ne s&apos;applique pas">yy</Pos>
<Pos Code="1820">uu </Pos>
<Pos Code="2831">1920</Pos>
<Pos Code="61" Sens="La vedette peut être liée à une notice bibliographique sauf pour l&apos;accès matière RAMEAU">1</Pos>
</controlfield>
<datafield tag="048" ind1=" " ind2=" ">
	<subfield code="a">ka01<Pos Code="0001" Sens="clavier - piano">ka</Pos>
<Pos Code="02">0</Pos>
<Pos Code="03">1</Pos>
</subfield>
</datafield>
<datafield tag="100" ind1=" " ind2=" ">
	<subfield code="3">13893486</subfield>
	<subfield code="w"> 0  b     </subfield>
	<subfield code="a">Dukas</subfield>
	<subfield code="m">Paul</subfield>
	<subfield code="d">1865-1935</subfield>
</datafield>
<datafield tag="144" ind1="1" ind2=" ">
	<subfield code="w">....b.fre.</subfield>
	<subfield code="a" Barre="3">La plainte, au loin, du faune</subfield>
</datafield>
<datafield tag="502" ind1=" " ind2=" ">
	<subfield code="3">14017394</subfield>
	<subfield code="a">Dukas</subfield>
	<subfield code="m">Paul</subfield>
	<subfield code="d">1865-1935</subfield>
	<subfield code="t">[Musique pour piano seul]</subfield>
</datafield>
<datafield tag="600" ind1=" " ind2=" ">
	<subfield code="a">Date de composition : 1920</subfield>
	<subfield code="a">1re éd. dans &quot;Tombeau de Claude Debussy&quot;, Revue musicale, décembre 1920</subfield>
</datafield>
<datafield tag="610" ind1=" " ind2=" ">
	<subfield code="a">Grove music online</subfield>
	<subfield code="u">http://www.grovemusic.com</subfield>
	<subfield code="d">2007-10-24</subfield>
</datafield>
<datafield tag="917" ind1=" " ind2=" ">
	<subfield code="o">OPC</subfield>
	<subfield code="a">100405550</subfield>
</datafield>
<datafield tag="917" ind1=" " ind2=" ">
	<subfield code="o">OPD</subfield>
	<subfield code="a">100491150</subfield>
	<subfield code="b">ATUM</subfield>
</datafield>
<datafield tag="996" ind1=" " ind2=" ">
	<subfield code="o">OPP</subfield>
	<subfield code="a">14822327</subfield>
	<subfield code="d">20070209</subfield>
</datafield>
<Alter Ori="13893486">
<datafield tag="400" ind1=" " ind2=" ">
	<subfield code="w">    b     </subfield>
	<subfield code="a">Dukas</subfield>
	<subfield code="m">Abraham</subfield>
	<subfield code="d">1865-1935</subfield>
</datafield>
</Alter>
<Attr Nom="IDPerenne">ark:/12148/cb139117235</Attr>
<Attr Nom="NumSource">OPC 100405550</Attr>
<Attr Nom="Source" Sens="BnF catalogue général (depuis 1999)">A</Attr>
<Attr Nom="NumAutoriteLiee">1389348614017394</Attr>
<Attr Nom="DateCreation">21/08/ 1989</Attr>
<Attr Nom="ResponsableCreation">MIGV2</Attr>
<Attr Nom="StructCreation">1</Attr>
<Attr Nom="DateDerniereValidation">08/11/ 2010</Attr>
<Attr Nom="ResponsableDerniereValidation">MIGV4</Attr>
<Attr Nom="StructPremiereValidation">1</Attr>
<Attr Nom="DatePremiereValidation">21/08/ 1989</Attr>
<Attr Nom="ResponsablePremiereValidation">MIGV2</Attr>
<Attr Nom="StructDerniereValidation">1</Attr>
<Attr Nom="NumSource" Rep="1">OPD 100491150</Attr>
<Attr Nom="NumSource" Rep="2">OPP 14822327</Attr>
</record>
